@online{uciabout,
author = {David Aha},
title = {UCI Machine Learning Repository},
year = {1987},
url = {https://archive.ics.uci.edu/ml/index.php},
note = {[Accessed: 18- out- 2018]}
}

@article{Sebastiani:2002:MLA:505282.505283,
 author = {Sebastiani, Fabrizio},
 title = {Machine Learning in Automated Text Categorization},
 journal = {ACM Comput. Surv.},
 issue_date = {March 2002},
 volume = {34},
 number = {1},
 month = mar,
 year = {2002},
 issn = {0360-0300},
 pages = {1--47},
 numpages = {47},
 url = {http://doi.acm.org/10.1145/505282.505283},
 doi = {10.1145/505282.505283},
 acmid = {505283},
 publisher = {ACM},
 address = {New York, NY, USA},
 keywords = {Machine learning, text categorization, text classification},
}

@book{datasciencecathy,
 author = {Schutt, Rachel and O'Neil, Cathy},
 title = {Doing Data Science: Straight Talk from the Frontline},
 year = {2013},
 isbn = {1449358659, 9781449358655},
 publisher = {O'Reilly Media, Inc.},
}

@online{tds:barber,
	title = {Data science concepts you need to know! Part 1},
	author = {Michael Barber},
	month = {January},
	url = {https://towardsdatascience.com/introduction-to-statistics-e9d72d818745},
	note = {[Accessed: 22- out- 2018]}
}

@Book{understandingml,
author = {Shai Shalev-Shwartz, Shai Ben-David},
title = {Understanding Machine Learning From Theory to Algorithms},
publisher = {Cambridge University Press},
year = {2014}
}

@book{pythonmachinelearning,
author = {Sebastian Raschka},
title = {Python Machine Learning},
publisher = {PACKT},
year = {2015},
}

@book{pythondatascience,
author = {Alberto Boschetti, Luca Massaron},
title = {Python Data Science Essentials},
publisher = {PACKT},
year = {2016},
month = {Outubro}
}